% This file was created with JabRef 2.10.
% Encoding: UTF-8


@InProceedings{Bacchelli2013,
  Title                    = {Expectations, Outcomes, and Challenges of Modern Code Review},
  Author                   = {Bacchelli, Alberto and Bird, Christian},
  Booktitle                = {Proceedings of the 2013 International Conference on Software Engineering},
  Year                     = {2013},

  Address                  = {Piscataway, NJ, USA},
  Publisher                = {IEEE Press},
  Series                   = {ICSE '13},

  Acmid                    = {2486882},
  ISBN                     = {978-1-4673-3076-3},
  Location                 = {San Francisco, CA, USA},
  Url                      = {http://dl.acm.org/citation.cfm?id=2486788.2486882}
}

@InProceedings{Bragdon2010,
  Title                    = {Code Bubbles: A Working Set-based Interface for Code Understanding and Maintenance},
  Author                   = {Bragdon, Andrew and Zeleznik, Robert and Reiss, Steven P. and Karumuri, Suman and Cheung, William and Kaplan, Joshua and Coleman, Christopher and Adeputra, Ferdi and LaViola,Jr., Joseph J.},
  Booktitle                = {Proceedings of the SIGCHI Conference on Human Factors in Computing Systems},
  Year                     = {2010},

  Address                  = {New York, NY, USA},
  Publisher                = {ACM},
  Series                   = {CHI '10},

  Acmid                    = {1753706},
  Doi                      = {10.1145/1753326.1753706},
  ISBN                     = {978-1-60558-929-9},
  Location                 = {Atlanta, Georgia, USA},
  Numpages                 = {10},
  Url                      = {http://doi.acm.org/10.1145/1753326.1753706}
}

@InProceedings{Chen2011,
  Title                    = {Nonlinear Revision Control for Images},
  Author                   = {Chen, Hsiang-Ting and Wei, Li-Yi and Chang, Chun-Fa},
  Booktitle                = {ACM SIGGRAPH 2011 Papers},
  Year                     = {2011},

  Address                  = {New York, NY, USA},
  Publisher                = {ACM},
  Series                   = {SIGGRAPH '11},

  Acmid                    = {1965000},
  Doi                      = {10.1145/1964921.1965000},
  ISBN                     = {978-1-4503-0943-1},
  Location                 = {Vancouver, British Columbia, Canada},
  Url                      = {http://doi.acm.org/10.1145/1964921.1965000}
}

@InProceedings{Cherubini2007,
  Title                    = {Let's Go to the Whiteboard: How and Why Software Developers Use Drawings},
  Author                   = {Cherubini, Mauro and Venolia, Gina and DeLine, Rob and Ko, Andrew J.},
  Booktitle                = {Proceedings of the SIGCHI Conference on Human Factors in Computing Systems},
  Year                     = {2007},

  Address                  = {New York, NY, USA},
  Publisher                = {ACM},
  Series                   = {CHI '07},

  Acmid                    = {1240714},
  Doi                      = {10.1145/1240624.1240714},
  ISBN                     = {978-1-59593-593-9},
  Location                 = {San Jose, California, USA},
  Url                      = {http://doi.acm.org/10.1145/1240624.1240714}
}

@InProceedings{Eunyoung2010,
  Title                    = {Sketching and Drawing in the Design of Open Source Software},
  Author                   = {Eunyoung Chung and Jensen, C. and Yatani, K. and Kuechler, V. and Truong, K.N.},
  Booktitle                = {Visual Languages and Human-Centric Computing (VL/HCC), 2010 IEEE Symposium on},
  Year                     = {2010},
  Month                    = {Sept},

  Doi                      = {10.1109/VLHCC.2010.34},
  ISSN                     = {1943-6092}
}

@Other{Github,
  Title                    = {Github},
  Author                   = {Github},
  Url                      = {https://github.com/},
  Urldate                  = {2015-03-20},
  Year                     = {2015}
}

@InProceedings{Goldman2011,
  Title                    = {Real-time Collaborative Coding in a Web IDE},
  Author                   = {Goldman, Max and Little, Greg and Miller, Robert C.},
  Booktitle                = {Proceedings of the 24th Annual ACM Symposium on User Interface Software and Technology},
  Year                     = {2011},

  Address                  = {New York, NY, USA},
  Publisher                = {ACM},
  Series                   = {UIST '11},

  Acmid                    = {2047215},
  Doi                      = {10.1145/2047196.2047215},
  ISBN                     = {978-1-4503-0716-1},
  Location                 = {Santa Barbara, California, USA},
  Url                      = {http://doi.acm.org/10.1145/2047196.2047215}
}

@Article{Knuth1984,
  Title                    = {Literate programming},
  Author                   = {Donald E. Knuth},
  Journal                  = {The Computer Journal},
  Year                     = {1984},
  Volume                   = {27}
}

@InProceedings{Simpson2011,
  Title                    = {Embedding Interface Sketches in Code},
  Author                   = {Simpson, James and Terry, Michael},
  Booktitle                = {Proceedings of the 24th Annual ACM Symposium Adjunct on User Interface Software and Technology},
  Year                     = {2011},

  Address                  = {New York, NY, USA},
  Publisher                = {ACM},
  Series                   = {UIST '11 Adjunct},

  Acmid                    = {2046438},
  Doi                      = {10.1145/2046396.2046438},
  ISBN                     = {978-1-4503-1014-7},
  Location                 = {Santa Barbara, California, USA},
  Url                      = {http://doi.acm.org/10.1145/2046396.2046438}
}

@InProceedings{Twidale2005,
  Title                    = {Exploring Usability Discussions in Open Source Development},
  Author                   = {Twidale, M.B. and Nichols, D.M.},
  Booktitle                = {System Sciences, 2005. HICSS '05. Proceedings of the 38th Annual Hawaii International Conference on},
  Year                     = {2005},
  Month                    = {Jan},,

  Doi                      = {10.1109/HICSS.2005.266},
  ISSN                     = {1530-1605},
}

@InProceedings{Yatani2009,
  Title                    = {Understanding How and Why Open Source Contributors Use Diagrams in the Development of Ubuntu},
  Author                   = {Yatani, Koji and Chung, Eunyoung and Jensen, Carlos and Truong, Khai N.},
  Booktitle                = {Proceedings of the SIGCHI Conference on Human Factors in Computing Systems},
  Year                     = {2009},

  Address                  = {New York, NY, USA},
  Publisher                = {ACM},
  Series                   = {CHI '09},

  Acmid                    = {1518853},
  Doi                      = {10.1145/1518701.1518853},
  Url                      = {http://doi.acm.org/10.1145/1518701.1518853}
}

